<marc:record>
<marc:leader>04958cam a2200745 a 4500</marc:leader>
<marc:controlfield tag="001">158810</marc:controlfield>
<marc:controlfield tag="005">20141120134435.0</marc:controlfield>
<marc:controlfield tag="008">860623s1784    enk           00000 eng d</marc:controlfield>
<marc:datafield ind1=" " ind2=" " tag="035">
<marc:subfield code="a">(OCoLC)ocm17378794</marc:subfield>
</marc:datafield>
<marc:datafield ind1=" " ind2=" " tag="035">
<marc:subfield code="a">(OCoLC)17378794</marc:subfield>
</marc:datafield>
<marc:datafield ind1=" " ind2=" " tag="035">
<marc:subfield code="a">(CStRLIN)PAUG86-B25888</marc:subfield>
</marc:datafield>
<marc:datafield ind1=" " ind2=" " tag="035">
<marc:subfield code="a">(CaOTULAS)146807743</marc:subfield>
</marc:datafield>
<marc:datafield ind1=" " ind2=" " tag="035">
<marc:subfield code="9">AAX5954</marc:subfield>
</marc:datafield>
<marc:datafield ind1=" " ind2=" " tag="035">
<marc:subfield code="a">158810</marc:subfield>
</marc:datafield>
<marc:datafield ind1=" " ind2=" " tag="035">
<marc:subfield code="a">(PennHoldings)189524</marc:subfield>
</marc:datafield>
<marc:datafield ind1=" " ind2=" " tag="040">
<marc:subfield code="a">PU</marc:subfield>
<marc:subfield code="c">PU</marc:subfield>
</marc:datafield>
<marc:datafield ind1=" " ind2=" " tag="090">
<marc:subfield code="a">PR4099.B82</marc:subfield>
<marc:subfield code="b">M37 1784</marc:subfield>
<marc:subfield code="i">06/26/86 CT</marc:subfield>
</marc:datafield>
<marc:datafield ind1="1" ind2=" " tag="100">
<marc:subfield code="a">Berkeley, George Monck</marc:subfield>
<marc:subfield code="d">1763-1793.</marc:subfield>
</marc:datafield>
<marc:datafield ind1="1" ind2="0" tag="245">
<marc:subfield code="a">Maria, or, The generous rustic.</marc:subfield>
</marc:datafield>
<marc:datafield ind1=" " ind2=" " tag="246">
<marc:subfield code="a">Maria; or, the generous rustic.</marc:subfield>
<marc:subfield code="d">Letter-press</marc:subfield>
<marc:subfield code="g">Half</marc:subfield>
<marc:subfield code="x">Work</marc:subfield>
</marc:datafield>
<marc:datafield ind1=" " ind2=" " tag="246">
<marc:subfield code="a">Maria; or, the generous rustic.</marc:subfield>
<marc:subfield code="d">Letter-press</marc:subfield>
<marc:subfield code="g">Full</marc:subfield>
<marc:subfield code="x">Work</marc:subfield>
</marc:datafield>
<marc:datafield ind1="0" ind2="7" tag="246">
<marc:subfield code="a">Maria.</marc:subfield>
</marc:datafield>
<marc:datafield ind1="0" ind2="7" tag="246">
<marc:subfield code="a">Maria. (verso)</marc:subfield>
<marc:subfield code="a">Maria. (recto)</marc:subfield>
</marc:datafield>
<marc:datafield ind1=" " ind2=" " tag="260">
<marc:subfield code="a">London</marc:subfield>
<marc:subfield code="b">Printed for T. Cadell, London; and C. Elliot, Edinburgh.</marc:subfield>
<marc:subfield code="c">MDCCLXXIV</marc:subfield>
<marc:subfield code="c">1784</marc:subfield>
<marc:subfield code="a">[London]</marc:subfield>
</marc:datafield>
<marc:datafield ind1=" " ind2=" " tag="300">
<marc:subfield code="a">135, [1] p. ;</marc:subfield>
<marc:subfield code="c">17 cm. (8vo)</marc:subfield>
<marc:subfield code="x">Octavo</marc:subfield>
<marc:subfield code="a">[1 v.]</marc:subfield>
</marc:datafield>
<marc:datafield ind1=" " ind2=" " tag="500">
<marc:subfield code="a">Published anonymously. By George Monck Berkeley. Cf. Halkett &amp; Laing (2nd ed.)</marc:subfield>
</marc:datafield>
<marc:datafield ind1=" " ind2=" " tag="500">
<marc:subfield code="a">Bookplate--""Library of the University of Pennsylvania The Godfrey F. Singer Memorial Presented by Mr. and Mrs. Jacob Singer"" located front paste-down endpaper."</marc:subfield>
</marc:datafield>
<marc:datafield ind1=" " ind2=" " tag="500">
<marc:subfield code="a">Library-related marginalia; front paste-down endpaper, front free endpaper, dedication, and back free endpaper.</marc:subfield>
</marc:datafield>
<marc:datafield ind1=" " ind2=" " tag="501">
<marc:subfield code="z">158817</marc:subfield>
</marc:datafield>
<marc:datafield ind1="4" ind2=" " tag="510">
<marc:subfield code="a">ESTC (RLIN)</marc:subfield>
<marc:subfield code="c">N4372</marc:subfield>
</marc:datafield>
<marc:datafield ind1="4" ind2=" " tag="510">
<marc:subfield code="a">English novel, 1770-1829,</marc:subfield>
<marc:subfield code="c">1784:12</marc:subfield>
</marc:datafield>
<marc:datafield ind1="4" ind2=" " tag="510">
<marc:subfield code="a">Halkett &amp; Laing (2nd ed.)</marc:subfield>
<marc:subfield code="c">v.4, p.22</marc:subfield>
</marc:datafield>
<marc:datafield ind1=" " ind2=" " tag="520">
<marc:subfield code="a">Dedication</marc:subfield>
<marc:subfield code="b">Dedication.</marc:subfield>
<marc:subfield code="c">Front</marc:subfield>
<marc:subfield code="x">""To Almeria, who possesses every virtue that adorned the unfortunate Maria, are the following sheets inscribed:--whilst that she may experience a milder fate, is the sincerest wish of the author."</marc:subfield>
</marc:datafield>
<marc:datafield ind1=" " ind2=" " tag="520">
<marc:subfield code="a">Preface</marc:subfield>
<marc:subfield code="b">Preface.</marc:subfield>
<marc:subfield code="c">Front</marc:subfield>
<marc:subfield code="x">""The unfortunate have a strong claim to every service we can render them...Not having the happiness of knowing the Marquis of Clerville or his Maria, I had it not in my power to attempt an alleviation of their sorrows.--If I had, my attempt might nit have been crowned with success. But many are the revolving years that have elapsed since Clerville and Maria ceased to sigh. The only attention I can now pay the illustrious pair, is to perpetuate their unhappy fate..."</marc:subfield>
</marc:datafield>
<marc:datafield ind1=" " ind2=" " tag="520">
<marc:subfield code="a">Poem</marc:subfield>
<marc:subfield code="b">Epitaph on the tomb of Clerville and Maria. Written by the Baron Fitzou.</marc:subfield>
<marc:subfield code="c">Back</marc:subfield>
<marc:subfield code="x">""Pass not. Here Clerville and Maria sleep.--Sad pair! ye ceas'd at once to live and weep...."</marc:subfield>
</marc:datafield>
<marc:datafield ind1=" " ind2=" " tag="590">
<marc:subfield code="a">With: The history of Eliza Warwick. London: Printed for J. Bew ..., 1778.</marc:subfield>
</marc:datafield>
<marc:datafield ind1=" " ind2=" " tag="591">
<marc:subfield code="a">O may we never love as these have lov'd!</marc:subfield>
<marc:subfield code="2">Pope.</marc:subfield>
<marc:subfield code="b">Eloisa to Abelard</marc:subfield>
<marc:subfield code="c">Alexander Pope</marc:subfield>
<marc:subfield code="x">Located full title page.</marc:subfield>
</marc:datafield>
<marc:datafield ind1=" " ind2=" " tag="592">
<marc:subfield code="a">Third-person</marc:subfield>
<marc:subfield code="b">First-person</marc:subfield>
<marc:subfield code="x">Narrator uses first-person, meta-reflection in Chap. V. ie: ""But before I proceed farther in my narrative, it will be necessary to give some description of Maria's mental accomplishments..."</marc:subfield>
</marc:datafield>
<marc:datafield ind1=" " ind2=" " tag="594">
<marc:subfield code="a">Henry Hewitt from his dear wife Lou[ ]ia 1851</marc:subfield>
<marc:subfield code="b">Ink</marc:subfield>
<marc:subfield code="x">Located front free endpaper</marc:subfield>
</marc:datafield>
<marc:datafield ind1=" " ind2=" " tag="595">
<marc:subfield code="a">Pencil</marc:subfield>
<marc:subfield code="b">Words</marc:subfield>
<marc:subfield code="x">Located front paste-down endpaper ""3 vols. in 1""."</marc:subfield>
</marc:datafield>
<marc:datafield ind1=" " ind2=" " tag="599">
<marc:subfield code="a">Author (paratext)</marc:subfield>
<marc:subfield code="d">Generic/descriptive</marc:subfield>
<marc:subfield code="2">The author.</marc:subfield>
<marc:subfield code="3">Dedication</marc:subfield>
<marc:subfield code="5">Indeterminate</marc:subfield>
<marc:subfield code="6">Male</marc:subfield>
<marc:subfield code="7">Author is actually George Monck Berkeley.</marc:subfield>
</marc:datafield>
<marc:datafield ind1=" " ind2=" " tag="599">
<marc:subfield code="a">Author (text)</marc:subfield>
<marc:subfield code="d">Generic/descriptive</marc:subfield>
<marc:subfield code="2">The author.</marc:subfield>
<marc:subfield code="3">Dedication</marc:subfield>
<marc:subfield code="5">Indeterminate</marc:subfield>
<marc:subfield code="6">Male</marc:subfield>
<marc:subfield code="7">Author is actually George Monck Berkeley.</marc:subfield>
</marc:datafield>
<marc:datafield ind1=" " ind2=" " tag="599">
<marc:subfield code="a">Author (paratext)</marc:subfield>
<marc:subfield code="d">Generic/descriptive</marc:subfield>
<marc:subfield code="2">The author...he wrote not to immortalize himself but Maria.</marc:subfield>
<marc:subfield code="3">Preface</marc:subfield>
<marc:subfield code="5">Male</marc:subfield>
<marc:subfield code="6">Male</marc:subfield>
<marc:subfield code="7">Author is actually George Monck Berkeley.</marc:subfield>
</marc:datafield>
<marc:datafield ind1=" " ind2=" " tag="599">
<marc:subfield code="a">Author (text)</marc:subfield>
<marc:subfield code="d">Generic/descriptive</marc:subfield>
<marc:subfield code="2">The author...he wrote not to immortalize himself but Maria.</marc:subfield>
<marc:subfield code="3">Preface</marc:subfield>
<marc:subfield code="5">Male</marc:subfield>
<marc:subfield code="6">Male</marc:subfield>
<marc:subfield code="7">Author is actually George Monck Berkeley.</marc:subfield>
</marc:datafield>
<marc:datafield ind1=" " ind2="4" tag="650">
<marc:subfield code="a">CHR 1784</marc:subfield>
</marc:datafield>
<marc:datafield ind1=" " ind2="4" tag="650">
<marc:subfield code="a">PRO Hewitt, Henry (inscription)</marc:subfield>
</marc:datafield>
<marc:datafield ind1=" " ind2="4" tag="650">
<marc:subfield code="a">PRO Hewitt, Lousia (inscription)</marc:subfield>
</marc:datafield>
<marc:datafield ind1=" " ind2="4" tag="650">
<marc:subfield code="a">PRO Singer, Jacob (donor)</marc:subfield>
</marc:datafield>
<marc:datafield ind1=" " ind2="4" tag="650">
<marc:subfield code="a">PRO Singer, Leah (donor)</marc:subfield>
</marc:datafield>
<marc:datafield ind1=" " ind2="4" tag="650">
<marc:subfield code="a">PRO Singer, Godfrey F. (honoree)</marc:subfield>
</marc:datafield>
<marc:datafield ind1=" " ind2=" " tag="700">
<marc:subfield code="a">Berkeley, George Monck</marc:subfield>
<marc:subfield code="d">1763-1793</marc:subfield>
<marc:subfield code="4">Author (text)</marc:subfield>
<marc:subfield code="5">Authorized</marc:subfield>
</marc:datafield>
<marc:datafield ind1=" " ind2=" " tag="700">
<marc:subfield code="a">Hewitt, Henry</marc:subfield>
<marc:subfield code="d">Name inscribed 1851</marc:subfield>
<marc:subfield code="4">Inscribed by</marc:subfield>
<marc:subfield code="5">Unauthorized</marc:subfield>
</marc:datafield>
<marc:datafield ind1=" " ind2=" " tag="700">
<marc:subfield code="a">Cadell, T. (Thomas)</marc:subfield>
<marc:subfield code="d">1742-1802</marc:subfield>
<marc:subfield code="4">Printed for</marc:subfield>
<marc:subfield code="5">Authorized</marc:subfield>
</marc:datafield>
<marc:datafield ind1=" " ind2=" " tag="700">
<marc:subfield code="a">Elliot, C. (Charles)</marc:subfield>
<marc:subfield code="d">-1790</marc:subfield>
<marc:subfield code="4">Printed for</marc:subfield>
<marc:subfield code="5">Authorized</marc:subfield>
</marc:datafield>
<marc:datafield ind1=" " ind2=" " tag="700">
<marc:subfield code="a">Pope, Alexander</marc:subfield>
<marc:subfield code="d">1684-1744</marc:subfield>
<marc:subfield code="4">Author (epigraph)</marc:subfield>
<marc:subfield code="5">Authorized</marc:subfield>
</marc:datafield>
<marc:datafield ind1=" " ind2=" " tag="710">
<marc:subfield code="a">T. Cadell and C. Elliot</marc:subfield>
<marc:subfield code="4">Printed for</marc:subfield>
<marc:subfield code="5">Unauthorized</marc:subfield>
</marc:datafield>
<marc:datafield ind1="2" ind2=" " tag="710">
<marc:subfield code="a">Collection of British and American Fiction, 1660-1830 (University of Pennsylvania)</marc:subfield>
<marc:subfield code="5">PU</marc:subfield>
</marc:datafield>
<marc:datafield ind1="2" ind2=" " tag="710">
<marc:subfield code="a">Early Novels Database</marc:subfield>
<marc:subfield code="5">University of Pennsylvania</marc:subfield>
</marc:datafield>
<marc:datafield ind1="0" ind2="2" tag="740">
<marc:subfield code="a">Generous rustic.</marc:subfield>
</marc:datafield>
<marc:datafield ind1=" " ind2=" " tag="752">
<marc:subfield code="a">England</marc:subfield>
<marc:subfield code="d">London.</marc:subfield>
</marc:datafield>
<marc:datafield ind1=" " ind2=" " tag="752">
<marc:subfield code="a">Scotland</marc:subfield>
<marc:subfield code="d">Edinburgh.</marc:subfield>
</marc:datafield>
<marc:datafield ind1=" " ind2=" " tag="950">
<marc:subfield code="l">RBC</marc:subfield>
<marc:subfield code="e">\\\\Singer-\\\\Menden-\\\\hall\\\\</marc:subfield>
<marc:subfield code="i">06/26/86 C</marc:subfield>
</marc:datafield>
<marc:datafield ind1=" " ind2=" " tag="955">
<marc:subfield code="l">RBC</marc:subfield>
<marc:subfield code="c">1</marc:subfield>
<marc:subfield code="q">725280</marc:subfield>
<marc:subfield code="s">Ex libris: Hewitt, Henry</marc:subfield>
<marc:subfield code="s">Ex libris: Hewitt, Lousia</marc:subfield>
<marc:subfield code="s">g. Mr. and Mrs. Jacob Singer</marc:subfield>
<marc:subfield code="i">06/26/86 C</marc:subfield>
</marc:datafield>
<marc:datafield ind1=" " ind2=" " tag="989">
<marc:subfield code="4">Maria</marc:subfield>
<marc:subfield code="3">Generous</marc:subfield>
<marc:subfield code="2">Rustic</marc:subfield>
</marc:datafield>
<marc:datafield ind1=" " ind2=" " tag="999">
<marc:subfield code="a">KGP</marc:subfield>
<marc:subfield code="b">6/6/16</marc:subfield>
<marc:subfield code="c">Harvard Divinity School</marc:subfield>
<marc:subfield code="d">CG</marc:subfield>
</marc:datafield>
</marc:record>